<record><leader>00000cas a22000007a 4500</leader><controlfield tag="001">9334459</controlfield><controlfield tag="008">830322d19141918ksuwr ne      0    0eng d</controlfield><controlfield tag="009">3789</controlfield><datafield ind1=" " ind2=" " tag="010"><subfield code="a">sn 83040010 </subfield></datafield><datafield ind1=" " ind2=" " tag="040"><subfield code="a">KSH</subfield><subfield code="b">eng</subfield><subfield code="c">KSH</subfield><subfield code="d">NPT</subfield></datafield><datafield ind1="1" ind2=" " tag="029"><subfield code="a">AU@</subfield><subfield code="b">000025788098</subfield></datafield><datafield ind1=" " ind2=" " tag="042"><subfield code="a">msc</subfield></datafield><datafield ind1=" " ind2=" " tag="043"><subfield code="a">n-us-ks</subfield></datafield><datafield ind1="0" ind2=" " tag="130"><subfield code="a">Elsmore leader (Elsmore, Kan. : 1914)</subfield></datafield><datafield ind1="0" ind2="4" tag="245"><subfield code="a">The Elsmore leader.</subfield></datafield><datafield ind1=" " ind2=" " tag="260"><subfield code="a">Elsmore, Kan. :</subfield><subfield code="b">H.T. Ashford,</subfield><subfield code="c">1914-1918.</subfield></datafield><datafield ind1=" " ind2=" " tag="300"><subfield code="a">4 v. ;</subfield><subfield code="c">42 cm.</subfield></datafield><datafield ind1=" " ind2=" " tag="310"><subfield code="a">Weekly</subfield></datafield><datafield ind1="0" ind2=" " tag="362"><subfield code="a">Vol. 1, no. 1 (Feb. 6, 1914)-v. 5, no. 23 (June 28, 1918)</subfield></datafield><datafield ind1=" " ind2=" " tag="500"><subfield code="a">"Independent." Cf. Kansas State Hist. Soc., Hist. of Kansas newspapers, 1916.</subfield></datafield><datafield ind1="1" ind2=" " tag="700"><subfield code="a">Ashford, H. T.</subfield></datafield><datafield ind1=" " ind2=" " tag="752"><subfield code="a">United States</subfield><subfield code="b">Kansas</subfield><subfield code="c">Allen</subfield><subfield code="d">Elsmore.</subfield></datafield><datafield ind1="0" ind2="4" tag="785"><subfield code="t">Moran herald</subfield><subfield code="w">(DLC)sn 83040345</subfield></datafield></record>